@Article{Wiehe_1993_1,
author = {Wiehe, Irwin A.},
title = {A phase-separation kinetic model for coke formation},
journal = {Industrial and Engineering Chemistry Research},
volume = {32},
number = {11},
pages = {2447-2454},
year = {1993},
doi = {10.1021/ie00023a001},
URL = {http://pubs.acs.org/doi/abs/10.1021/ie00023a001},
eprint = {http://pubs.acs.org/doi/pdf/10.1021/ie00023a001}
}

@Article{Alexander_1962_1,
  author =       {Alexander, J. D. and Martin, W.L. and Dew, J.N.},
  title =        {Factors Affecting Fuel Availability and Composition During In Situ Combustion},
  journal =      "Journal of Petroleum Technology",
  year =         {1962},
  volume =    {14},
  number =    {10},
  month =     {October},
  pages =     {1154-1164},
  note =      {},
  annote =    {},
  doi = {10.2118/296-PA},
  URL = {},
  eprint = {}
}

@Article{Murray_1997_1,
  author =       {Murray G. R.},
  title =        {Through a glass, darkly: Kinetics and reactors for complex mixtures syncrude innovation award lecture},
  journal =      "The Canadian Journal of Chemical Engineering",
  year =         {1997},
  volume =    {75},
  number =    {3},
  month =     {October},
  pages =     {481-493},
  note =      {},
  annote =    {},
  doi = {10.1002/cjce.5450750301},
  URL = {http://dx.doi.org/10.1002/cjce.5450750301},
  eprint = {http://dx.doi.org/10.1002/cjce.5450750301}
}


@Article{Bousaid_1968_1,
  author =       {Bousaid, I.S. and Ramey Jr., H.J.},
  title =        {Oxidation of Crude Oil in Porous Media},
  journal =      "SPE Journal",
  year =         {1968},
  volume =    {8},
  number =    {2},
  month =     {},
  pages =     {137-148},
  note =      {},
  annote =    {},
  doi = {10.2118/1937-PA},
  URL = {},
  eprint = {}
}

@Article{Bae_1977_1,
  author =       {Bae, J.H.},
  title =        {Characterization of Crude Oil for Fireflooding Using Thermal Analysis Methods},
  journal =      "SPE Journal",
  year =         {1977},
  volume =    {17},
  number =    {3},
  month =     {},
  pages =     {211-218},
  note =      {},
  annote =    {},
  doi = {10.2118/6173-PA},
  URL = {},
  eprint = {}
}

@Article{Vossoughi_1983_1,
  author =       {Vossoughi, S. and Willhite, G. and El Shoubary, Y. and Bartlett, G. },
  title =        {Study of the clay effect on crude oil combustion by thermogravimetry and differential scanning calorimetry},
  journal =      " Journal of Thermal Analysis and Calorimetry",
  year =         {1983},
  volume =    {27},
  number =    {1},
  month =     {May},
  pages =     {17-36},
  note =      {},
  annote =    {},
  doi = {10.1007/BF01907318},
  URL = {http://www.akademiai.com/content/N844069244063V43},
  eprint = {http://www.akademiai.com/content/N844069244063V43}
}

@PHDTHESIS{Fassihi_1981_1,
   author = "Mohammad Reza Fassihi",
   title = "Analysis of Fuel Oxidation in In-Situ Combustion Oil Recovery",
   school = "Stanford University",
   year = 1981,
}

@Article{Dabbous_1974_1,
  author =       {Dabbous, M. K. and Fulton, P. F.},
  title =        {Low-Temperature-Oxidation Reaction Kinetics and Effects on the In-Situ Combustion Process},
  journal =      "SPE Journal",
  year =         {1974},
  volume =    {14},
  number =    {3},
  month =     {},
  pages =     {253-262},
  note =      {},
  annote =    {},
  doi = {10.2118/4143-PA},
  URL = {},
  eprint = {}
}

@Article{Tadema_1970_1,
  author =       {Tadema, H.J. and Wiejdema, J.},
  title =        {Spontaneous ignition of oil sands},
  journal =      "Oil Gas Journal",
  year =         {1970},
  volume =    {68},
  number =    {50},
  month =     {December},
  pages =     {77-80},
  note =      {},
  annote =    {},
  doi = {},
  URL = {},
  eprint = {}
}


@PHDTHESIS{Mamora_1993_1,
   author = "Daulat D. Mamora",
   title = "Kinetics of In-Situ Combustion",
   school = "Stanford University",
   year = "1993",
}

@Article{Drici_1985_1,
  author = "Drici, O. and Vossoughi, S.",
  title = "Study of the Surface Area Effect on Crude Oil Combustion by Thermal Analysis Techniques",
  journal = "Journal of Petroleum Technology",
  year = "1985",
  volume = "37",
  number = "4",
  month = "April",
  pages = "731-735",
  doi = "10.2118/13389-PA",
}

@Article{Yoshiki_1985_1,
title = "Kinetics of the thermo-oxidative and thermal cracking reactions of Athabasca bitumen",
journal = "Fuel",
volume = "64",
number = "11",
pages = "1591 - 1598",
year = "1985",
note = "",
issn = "0016-2361",
doi = "DOI: 10.1016/0016-2361(85)90377-1",
url = "http://www.sciencedirect.com/science/article/B6V3B-498TNW9-145/2/7e6b4ec72e0bc8acbd022d7846709dee",
author = "Karen S. Yoshiki and Colin R. Phillips",
keywords = "bitumen",
keywords = "kinetics",
keywords = "oxidative cracking"
}

@Article{Vossoughi_1989_1,
  author =       {Vossoughi, S. and El-Shoubary, Y. },
  title =        {Kinetics of Crude-Oil Coke Combustion},
  journal =      "SPE Reservoir Engineering",
  year =         {1989},
  volume =    {4},
  number =    {2},
  month =     {May},
  pages =     {201-206},
  note =      {},
  annote =    {},
  doi = {10.2118/16268-PA},
  URL = {},
  eprint = {}
}

@Article{Lin_1987_1,
  author =       {Lin, C.Y. and Chen, W.H. and Culham, W.E.},
  title =        {New Kinetic Models for Thermal Cracking of Crude Oils in In-situ Combustion Processes},
  journal =      "SPE Reservoir Engineering",
  year =         {1987},
  volume =    {2},
  number =    {1},
  month =     {February},
  pages =     {54-66},
  note =      {},
  annote =    {},
  doi = {10.2118/13074-PA},
  URL = {},
  eprint = {}
}

@Article{Abu-Khamsin_1988_1,
  author =       {Abu-Khamsin, S. A. and Brigham, W. E. and Ramey Jr., H.J.},
  title =        {Reaction Kinetics of Fuel Formation for In-Situ Combustion},
  journal =      "SPE Reservoir Engineering",
  year =         {1988},
  volume =    {3},
  number =    {4},
  month =     {November},
  pages =     {1308-1316},
  note =      {},
  annote =    {},
  doi = {10.2118/15736-PA},
  URL = {},
  eprint = {}
}


@Article{Adegbesan_1986_1,
  author =       {Adegbesan, K.O. and Donnelly, J.K. and Moore, R.G. and Bennion, D.W.},
  title =        {Liquid phase oxidation kinetics of oil sands bitumen: Models for in situ combustion numerical simulators},
  journal =      "AIChE Journal",
  year =         {1986},
  volume =    {32},
  number =    {8},
  month =     {},
  pages =     {1242-1252},
  note =      {},
  annote =    {},
  doi = {10.1002/aic.690320803},
  URL = {http://dx.doi.org/10.1002/aic.690320803},
  eprint = {http://dx.doi.org/10.1002/aic.690320803}
}

@Article{Adegbesan_1987_1,
  author =       {Adegbesan, K.O. and Donnelly, J.K. and Moore, R.G. and Bennion, D.W.},
  title =        {Low temperature oxidation kinetic parameters for in-situ combustion: Numerical Simulation},
  journal =      "SPE Reservoir Enginering",
  year =         {1987},
  volume =    {2},
  number =    {4},
  month =     {},
  pages =     {573 -582},
  doi = {10.2118/12004-PA}
}

@Article{Millour_1987_1,
  author =       {Millour, J. P. and Moore, R. G. and Bennion, D. W. and  Ursenbach, M. G. and Gie, D. N.},
  title =        {An Expanded Compositional Model For Lowtemperature Oxidation Of Athabasca Bitumen},
  journal =      "Journal of Canadian Petroleum Technology",
  year =         {1987},
  volume =    {26},
  number =    {3},
  month =     {May-Jun},
  pages =     {24-32},
  note =      {},
  annote =    {},
  doi = {10.2118/87-03-02},
  URL = {},
  eprint = {}
}

@Article{Fassihi_1990_1,
  author =       {Fassihi, M. R. and Meyers, K. O. and Baslie, P.F.},
  title =        {Low-Temperature Oxidation of Viscous Crude Oils},
  journal =      "SPE Reservoir Engineering",
  year =         {1990},
  volume =    {5},
  number =    {4},
  month =     {November},
  pages =     {609-616},
  note =      {},
  annote =    {},
  doi = {10.2118/15648-PA},
  URL = {},
  eprint = {}
}

@Article{Belgrave_1993_1,
  author =       {Belgrave, J.D.M. and Moore, R.G. and Ursenbach, M.G. and Bennion, D.W.},
  title =        {A Comprehensive Approach to In-Situ Combustion Modeling},
  journal =      "SPE Advanced Technology Series",
  year =         {1993},
  volume =    {1},
  number =    {1},
  month =     {April},
  pages =     {98-107},
  note =      {},
  annote =    {},
  doi = {10.2118/20250-PA},
  URL = {},
  eprint = {}
}


@Article{Freitag_2005_1,
  author =       {Freitag, N. P. and Verkoczy, B.},
  title =        {Low-Temperature Oxidation of Oils in Terms of SARA Fractions: Why Simple Reaction Models Don't Work},
  journal =      "Journal of Canadian Petroleum Technology",
  year =         {2005},
  volume =    {44},
  number =    {3},
  month =     {},
  pages =     {54-61},
  note =      {},
  annote =    {},
  doi = {10.2118/05-03-05},
  URL = {},
  eprint = {}
}


@Article{Freitag_2006_1,
  author =       {Freitag, N. P. and Exelby, D. R.},
  title =        {A SARA-Based Model for Simulating the Pyrolysis Reactions That Occur in High-Temperature EOR Processes},
  journal =      "Journal of Canadian Petroleum Technology",
  year =         {2006},
  volume =    {45},
  number =    {3},
  month =     {},
  pages =     {38-44},
  note =      {},
  annote =    {},
  doi = {10.2118/06-03-02},
  URL = {},
  eprint = {}
}



@Article{Attekum_1979_1,
  title = {Excitonic Effects in Core-Hole Screening},
  author = {Attekum  van,  P. M. Th. M. and Wertheim, G. K.},
  journal = {Phys. Rev. Lett.},
  volume = {43},
  number = {25},
  pages = {1896-1898},
  numpages = {2},
  year = {1979},
  month = {Dec},
  doi = {10.1103/PhysRevLett.43.1896},
  publisher = {American Physical Society}
}

@Article{Xie_1990_1,
author = {Xie, Y. and Sherwood, P. M. A.},
title = {X-ray photoelectron-spectroscopic studies of carbon fiber surfaces. 11. Differences in the surface chemistry and bulk structure of different carbon fibers based on poly(acrylonitrile) and pitch and comparison with various graphite samples},
journal = {Chemistry of Materials},
volume = {2},
number = {3},
pages = {293-299},
year = {1990},
doi = {10.1021/cm00009a020},
URL = {http://pubs.acs.org/doi/abs/10.1021/cm00009a020},
eprint = {http://pubs.acs.org/doi/pdf/10.1021/cm00009a020}
}

@Article{Gardner_1995_1,
title = "Surface characterization of carbon fibers using angle-resolved XPS and ISS",
journal = "Carbon",
volume = "33",
number = "5",
pages = "587 - 595",
year = "1995",
note = "",
issn = "0008-6223",
doi = "DOI: 10.1016/0008-6223(94)00144-O",
url = "http://www.sciencedirect.com/science/article/B6TWD-3YKM3S3-5M/2/3564cd26f386ca4bb91a0b5ff583dab1",
author = "Steven D. Gardner and Chakravarthy S. K. Singamsetty and Glyn L. Booth and Guo-Ren He and Charles U. Pittman",
keywords = "Carbon fibers",
keywords = "XPS",
keywords = "ion scattering spectroscopy",
keywords = "composite materials",
keywords = "nitric acid",
keywords = "oxidation"
}

@Article{Seah_1979_1,
author = {Seah, M. P. and Dench, W. A.},
title = {Quantitative electron spectroscopy of surfaces: A standard data base for electron inelastic mean free paths in solids},
journal = {Surface and Interface Analysis},
volume = {1},
number = {1},
pages = {2-11},
year = {1979},
doi = { 10.1002/sia.740010103},
URL = {http://dx.doi.org/10.1002/sia.740010103},
eprint = {http://dx.doi.org/10.1002/sia.740010103}
}


@article{Laurendeau_1978_1,
title = "Heterogeneous kinetics of coal char gasification and combustion",
journal = "Progress in Energy and Combustion Science",
volume = "4",
number = "4",
pages = "221-270",
year = "1978",
note = "",
issn = "0360-1285",
doi = "DOI: 10.1016/0360-1285(78)90008-4",
url = "http://www.sciencedirect.com/science/article/B6V3W-497BBSX-S/2/9d94280fa448f42f79dfff63fde7941a",
author = "Normand M. Laurendeau"
}

@article{Cinar_2009_1,
author = {Cinar, Murat and Castanier, Louis M. and Kovscek, Anthony R.},
title = {Isoconversional Kinetic Analysis of the Combustion of Heavy Hydrocarbons},
journal = {Energy and Fuels},
volume = {23},
number = {8},
pages = {4003-4015},
year = {2009},
doi = {10.1021/ef900222w},
URL = {http://pubs.acs.org/doi/abs/10.1021/ef900222w},
eprint = {http://pubs.acs.org/doi/pdf/10.1021/ef900222w}
}

@article{Cinar_2011_1,
author = {Cinar, Murat and Castanier, Louis M. and Kovscek, Anthony R.},
title = {Predictability of Crude Oil In-Situ Combustion by the Isoconversional Kinetic Approach},
journal = {SPE Journal},
volume = {},
number = {},
pages = {to be published},
year = {2011},
doi = {},
URL = {},
eprint = {}
}
@Article{Sette_1990_1,
  title = {Lifetime and screening of the C 1s photoemission in graphite},
  author = {Sette, F.  and Wertheim, G. K. and Ma, Y.  and Meigs, G.  and Modesti, S.  and Chen, C. T.},
  journal = {Phys. Rev. B},
  volume = {41},
  number = {14},
  pages = {9766-9770},
  numpages = {4},
  year = {1990},
  month = {May},
  doi = {10.1103/PhysRevB.41.9766},
  publisher = {American Physical Society}
}

@INPROCEEDINGS{Tadema_1959_1,
   title = "Mechanism of Oil Production by Underground Combustion",
   author =  {Tadema, H. J.},
   address = "New York, USA",
   year = 1959,
   month = {May 30 - June 5},
   doi = {},
   booktitle = "5th World Petroleum Congress Proceedings",
   note = "5th World Petroleum Congress",
}


@INPROCEEDINGS{Hayashitani_1978_1,
   organization = "SPE",
   title = "Thermal Cracking Models for Athabasca Oil Sands",
   author =  {Hayashitani, M. and Bennion, D. W. and Donnelly, J. K. and Moore, R.G.},
   address = "Houston, Texas",
   year = 1978,
   month = {1-3 October},
   booktitle = "SPE Annual Fall Technical Conference and Exhibition Proceedings",
   note = "SPE Annual Fall Technical Conference and Exhibition",
}

@INPROCEEDINGS{Moore_1992_1,
   organization = "SPE/DOE",
   title = "Some Insights Into the Low-Temperature and High-Temperature In-Situ Combustion Kinetics",
   author = {Moore, R.G.and Belgrave, J.D.M. and Mehta, R. and Ursenbach, M. and Laureshen, C.J. and Xi, Kejia},
   address = "Tulsa, Oklahoma",
   year = 1992,
   month = {22-24 April},
   doi = {10.2118/24174-MS},
   booktitle = "SPE/DOE Enhanced Oil Recovery Symposium Proceedings",
   note = "SPE/DOE Enhanced Oil Recovery Symposium",
}

@INCOLLECTION{Wertheim_1978_1,
   author = "Wertheim, G.K. and Citrin, P.H.",
   title = "Fermi surface excitations in X-Ray photoemission line shapes from metals",
   editor = "Ley, L. and Cardona, M.",
   booktitle = "Photoemission in solids I: General Principles",
   chapter = 5,
   type = "Part",
   pages = "197-236",
   publisher = "Springer-Verlag",
   address = "Berlin",
   edition = "First",
   month = "",
   year = "1978",
   note = "",
}

@TECHREPORT{Thomas_1979_1,
   author = "Thomas, G. W. and Butho, A. P. and Allag, O.",
   title = "An experimental study of the kinetics of dry, forward combustion",
   institution = "The University of Tulsa",
   type = "US DOE Report",
   number = "",
   address = "Tulsa, Oklahoma",
   month = "February",
   year = "1979",
   note = "BETC-1820-1",
}

@article{Castanier_2003_1,
title = "Upgrading of crude oil via in situ combustion",
journal = "Journal of Petroleum Science and Engineering",
volume = "39",
number = "1-2",
pages = "125-136",
year = "2003",
note = "Special Issue honoring Professor W.E. Brigham",
issn = "0920-4105",
doi = "DOI: 10.1016/S0920-4105(03)00044-5",
url = "http://www.sciencedirect.com/science/article/B6VDW-48BKXT9-1/2/bddbd7739fd30cbd1ed714cf0603bd65",
author = "L. M. Castanier and W. E. Brigham",
keywords = "Upgrading",
keywords = "In situ combustion",
keywords = "Crude oil",
keywords = "Metallic additives"
}

@Book{Speight_2006_1,
author = {James G. Speight},
title = {The Chemistry and Technology of Petroleum},
publisher = {CRC Press},
year = {2006},
address = {New York, USA}
}

@article{Watson_1933_1,
author = {Watson, K. M. and Nelson, E. F.},
title = {Improved Methods for Approximating Critical and Thermal Properties of Petroleum Fractions},
journal = {Industrial and Engineering Chemistry},
volume = {25},
number = {8},
pages = {880-887},
year = {1933},
doi = {10.1021/ie50284a012},
URL = {http://pubs.acs.org/doi/abs/10.1021/ie50284a012},
eprint = {http://pubs.acs.org/doi/pdf/10.1021/ie50284a012}
}

@Article{Ingersoll_1933_1,
  title = {Thermal Diffusivity and Conductivity of some Soil Materials},
  author = {Ingersoll, L. R. and Koepp, O. A.},
  journal = {Phys. Rev.},
  volume = {24},
  number = {1},
  pages = {92-93},
  numpages = {1},
  year = {1924},
  month = {Jul},
  doi = {10.1103/PhysRev.24.92},
  publisher = {American Physical Society}
}

@Article{Aziz_1987_1,
  title = { Fourth SPE Comparative Solution Project: Comparison of Steam Injection Simulators},
  author = {Aziz, K., and Ramesh, A.B., and Woo, P.T.},
  journal = {Journal of Petroleum Technology},
  volume = {39},
  number = {12},
  pages = {1576-1584},
  numpages = {1},
  year = {1987},
  month = {December},
  publisher = {Society of Petroleum Engineers}
}

@Book{Aziz_1979_1,
author = {Aziz, K., and Settari, A.},
title = {Petroleum Reservoir Simulation},
publisher = {Applied Science Publishers Ltd},
year = {1979},
address = {London, UK}
}

@Book{Bird_2007_1,
author = {Bird, R.B. and Steward, W.E.  and Lightfoot, E.N.},
title = {Transport Phenomena},
publisher = {Wiley},
year = {2007},
address = {New York, USA}
}

@Book{Hirschfelder_1954_1,
author = {Hirschfelder, J. O. and Curtiss, S. F. and Bird, R. B. },
title = {Molecular Theory of Gases and Liquids},
publisher = {Wiley},
year = {1954},
address = {New York, USA}
}


@Article{Tee_1966_1,
  title = {Molecular Parameters for Normal Fluids. Lennard-Jones 12-6 Potential},
  author = {Tee, L.S.  and Gotoh, S. and Stewart, W. E.},
  journal = {Ind. Eng. Chem. Fundamentals},
  volume = {5},
  number = {3},
  pages = {356-363},
  numpages = {1},
  year = {1966},
  month = {August},
  publisher = {ACS}
}


@Article{Kesler_1976_1,
  title = {Improve predictions of enthalpy of fractions},
  author = {Kesler, M.G. and Lee, B.I. },
  journal = {Hydrocarbon Processing},
  volume = {},
  number = {},
  pages = {153-158},
  numpages = {1},
  year = {1976},
  month = {March},
  publisher = {}
}


@TECHREPORT{Cragoe_1929_1,
   author = "Cragoe, C.S.",
   title = " Thermal properties of petroleum products ",
   institution = "Misc. Publication No. 97",
   type = " Bur. Standards",
   number = "",
   address = "",
   month = "",
   year = "1929",
   note = "",
}


@Article{Varfolomeev_1986_1,
  title = {Determination of heat capacity of petroleum cokes at elevated temperatures},
  author = {Varfolomeev, D. F. and Artamonova, E. V. and Degtyarev, G. S },
  journal = {Khimiya I Tekhnologiya Topliv i Masel},
  volume = {6},
  number = {},
  pages = {31-32},
  numpages = {1},
  year = {1986},
  month = {June},
  publisher = {}
}

@ONLINE{Cindas,
  author = {CINDAS-LLC},
  title = {Thermophysical Properties\\ of Matter Database https://cindasdata.com/Applications/TPMD/},
  month = February-March ,
  year = {2011},
  url = {https://cindasdata.com/Applications/TPMD/}
}

@ONLINE{Spaceloft,
  author = {Spaceloft},
  title = {Subsea data sheet http://www.aerogel.com/products/pdf/},
  month = {March} ,
  year = {2011},
  url = {http://www.aerogel.com/products/pdf/}
}

@ONLINE{Aspen,
  author = {Aspen},
  title = {Aerogel data sheet http://www.aerogel.com/features/pdf/},
  month = {March} ,
  year = {2011},
  url = {http://www.aerogel.com/features/pdf/atp_1.pdf}
}

@Book{Holt_1994_1,
author = {Holt, J.M. and Mindlin, H. and Ho, C.Y. },
title = {Structural Alloys Handbook},
publisher = {CINDAS/Purdue University},
year = {1994},
address = {West Lafayette, IN}
}


@TECHREPORT{McBride_2002_1,
   author = "McBride, B. J. and Zehe, M. J. and Gordon, S..",
   title = " NASA Glenn Coefficients for Calculating Thermodynamic Properties of Individual Species ",
   institution = "Misc. Publication No. 97",
   type = " Technical Report NASA",
   number = "TP-2002-211556",
   address = "NASA-Glenn Research Center, Cleveland, OH",
   month = "",
   year = "2002",
   note = "Technical Report NASA TP-2002-211556",
}

@article {Vyazovkin_2001_1,
author = {Vyazovkin, Sergey},
title = {Modification of the integral isoconversional method to account for variation in the activation energy},
journal = {Journal of Computational Chemistry},
volume = {22},
number = {2},
publisher = {John Wiley & Sons, Inc.},
issn = {1096-987},
pages = {178-183},
keywords = {kinetics, multistep reactions, condensed phase, activation energy},
year = {2001},
}

@article {Friedman_1964_1,
author = {Friedman, Henry L.},
title = {Kinetics of thermal degradation of char-forming plastics from thermogravimetry. Application to a phenolic plastic},
journal = {Journal of Polymer Science Part C: Polymer Symposia},
volume = {6},
number = {1},
publisher = {Wiley Subscription Services, Inc., A Wiley Company},
issn = {1935-3065},
url = {http://dx.doi.org/10.1002/polc.5070060121},
doi = {10.1002/polc.5070060121},
pages = {183--195},
year = {1964},
}

@Book{Briggs_2003_1,
author = {Briggs, D. and Grant, J. T. },
title = {Surface Analysis by Auger and X-Ray Photoelectron Spectroscopy},
publisher = {IM Publications},
year = {2003},
address = {Chichester, U.K}
}

@Book{Briggs_1990_1,
author = {Briggs, D. and Seah, M. P. },
title = {Practical Surface Analysis},
publisher = {Wiley},
year = {1990},
address = {New York, USA}
}

@Book{CMG_2008_1,
author = {CMG-STARS},
title = {Advanced Process and Thermal Reservoir Simulator},
publisher = {Computer Modelling Group Ltd},
year = {2008},
address = {Alberta, Canada}
}

@TECHREPORT{Baena_1990_1,
   author = "Baena, C. J. and Castanier, L. M. and Brigham, W. E.",
   title = "Effect of metallic additives on in situ combustion of Huntington Beach crude experiments",
   institution = "Stanford University",
   type = "US DOE Report",
   number = "",
   address = "Stanford, California",
   month = "February",
   year = "1990",
   note = "DOE/BC/14126-26; SUPRI-TR--78",
}

@article{Perry_1983_1,
title = "Application of XPS to coal characterization",
journal = "Fuel",
volume = "62",
number = "9",
pages = "1024 - 1033",
year = "1983",
note = "Society of Chemical Industry Conference, Analytical Methods for Coals, Cokes and Carbons",
issn = "0016-2361",
doi = "DOI: 10.1016/0016-2361(83)90135-7",
url = "http://www.sciencedirect.com/science/article/B6V3B-498V3FB-KB/2/f7e500034a5ad86be5c4727da23b803e",
author = "David L. Perry and Alan Grint",
keywords = "coal",
keywords = "instrumental methods of analysis",
keywords = "XPS"
}

@article{McCabe_1998_1,
title = "Energy resources - cornucopia or empty barrel?",
journal = "AAPG Bulletin",
volume = "83",
number = "11",
pages = "2110 - 2134",
year = "1998",
month = "November",
note = "",
issn = "",
doi = "",
url = "http://www.colorado.edu/Economics/vjcourses/resource/cornucopia.pdf",
author = "McCabe, P. J.",
}

@article{Masters_1979_1,
title = "Deep Basin gas trap, Western Canada",
journal = "AAPG Bulletin",
volume = "63",
number = "2",
pages = "152 - 181",
year = "1979",
month = "February",
note = "",
issn = "",
doi = "",
url = "http://search.datapages.com/data/bulletns/1977-79/images/pg/00630002/0150/01520.pdf",
author = "Masters, J. A.",
}

@article{Meyer_2007_1,
   author = "Meyer, R.F. and Attanasi, E.D. and Freeman, P.A.",
   title = "Heavy oil and natural bitumen resources in geological basins of the world: U.S. Geological Survey Open-File Report 2007-1084, available online at http://pubs.usgs.gov/of/2007/1084/.",
   institution = "USGS",
   type = "",
   number = "",
   address = "",
   month = "",
   year = "2007",
   note = "",
}

@ONLINE{USGS_2000_1,
  author = {USGS World energy assessment team},
  title = {USGS World Petroleum Assessment 2000 - Description and results},
  month = April ,
  year = {http://pubs.usgs.gov/dds/dds-060/index.html, (accessed April 2011)},
  url = {http://pubs.usgs.gov/dds/dds-060/index.html}
}

@ONLINE{EIA_1,
  author = {U.S. Energy Information Administration},
  title = {U.S. Imports by Country of Origin },
  month = {} ,
  year = {http://www.eia.doe.gov/ (accessed April 2011)},
  url = {http://www.eia.doe.gov/}
}

@TECHREPORT{Barker_1979_1,
   author = "Barker, C.",
   title = "Organic geochemistry in petroleum exploration",
   institution = "American Association of Petroleum Geologists",
   type = "Education Course Note Series:",
   number = "10",
   address = "",
   month = "",
   year = "1979",
   pages = "",
}

@article{Milner_1977_1,
title = "Petroleum transformations in reservoirs",
journal = "Journal of Geochemical Exploration",
volume = "7",
number = "",
pages = "101 - 153",
year = "1977",
note = "",
issn = "0375-6742",
doi = "DOI: 10.1016/0375-6742(77)90079-6",
url = "http://www.sciencedirect.com/science/article/B6VCP-48B007B-B/2/be3ce1d59d56d1bd059b5d03f7117217",
author = "Milner, C.W.D  and Rogers, M.A and Evans, C.R"
}

@article{Evans_1971_1,
title = "Evolution and alteration of petroleum in western Canada",
journal = "Chemical Geology",
volume = "8",
number = "3",
pages = "147 - 170",
year = "1971",
note = "Contributions to Petroleum Geochemistry",
issn = "0009-2541",
doi = "DOI: 10.1016/0009-2541(71)90002-7",
url = "http://www.sciencedirect.com/science/article/B6V5Y-4893WXY-1J/2/1f49cecf8cb318339b3892befddcf8fb",
author = "Evans, C.R. and Rogers,M.A.  and Bailey, N.J.L."
}


@article{Head_2003_1,
title = "Biological activity in the deep subsurface and the origin of heavy oil",
journal = "Nature",
volume = "426",
number = "",
pages = "344 - 352",
year = "2003",
note = "",
issn = "",
doi = "",
url = "http://dx.doi.org/10.1038/nature02134",
author = "Head, Ian M. and Jones, D. Martin and Larter, Steve R."
}

@article{Larter_2006_1,
title = "The controls on the composition of biodegraded oils in the deep subsurface: Part IIGeological controls on subsurface biodegradation fluxes and constraints on reservoir-fluid property prediction",
journal = "AAPG Bulletin,",
volume = "90",
number = "6",
pages = "921 - 938",
year = "2006",
month = "June",
note = "",
issn = "",
doi = "101306/01270605130",
url = "http://dx.doi.org/10.1038/nature02134",
author = "Larter, S. and Huang, H. and Adams, J. and Bennett, B. and Jokanola, O. and Oldenburg, T. and Jones, M. and Head, I. and Riediger, C. and Fowler, M."
}

@INCOLLECTION{Roadifer_1987_1,
   author = "Roadifer, R.E.",
   title = "",
   editor = "Meyer, R.F.",
   booktitle = "Exploration for heavy crude oil and Natural Bitumen",
   number =  "",
   series = "",
   chapter = "",
   type = "",
   pages = "3 - 23",
   publisher = "AAPG",
   address = "Tulsa",
   edition = "",
   month = "",
   year = "1987",
   note = "",
}

@article{Meredith_2000_1,
title = "Influence of biodegradation on crude oil acidity and carboxylic acid composition",
journal = "Organic Geochemistry",
volume = "31",
number = "11",
pages = "1059 - 1073",
year = "2000",
note = "",
issn = "0146-6380",
doi = "DOI: 10.1016/S0146-6380(00)00136-4",
url = "http://www.sciencedirect.com/science/article/B6V7P-41T18DJ-1/2/158b59a4c5661f4fdd1ec8f701e47344",
author = "Meredith, W.  and Kelland, S. J.  and Jones, D. M. ",

}

@article{Rubinstein_1977_1,
title = "The origin of the oil sand bitumens of Alberta: a chemical and a microbiological simulation study",
journal = "Geochimica et Cosmochimica Acta",
volume = "41",
number = "9",
pages = "1341 - 1353",
year = "1977",
note = "",
issn = "0016-7037",
doi = "DOI: 10.1016/0016-7037(77)90077-1",
url = "http://www.sciencedirect.com/science/article/B6V66-4894H6Y-83/2/e099af7fe7ef5378aa27b9da2e027721",
author = "I. Rubinstein and O.P. Strausz and C. Spyckerelle and R.J. Crawford and D.W.S. Westlake"
}

@article{Palmer_1993_1,
title = "Effect of biodegradation and water washing on crude oil composition",
journal = "Geochimica et Cosmochimica Acta",
volume = "41",
number = "9",
pages = "1341 - 1353",
year = "1977",
note = "",
issn = "0016-7037",
doi = "DOI: 10.1016/0016-7037(77)90077-1",
url = "http://www.sciencedirect.com/science/article/B6V66-4894H6Y-83/2/e099af7fe7ef5378aa27b9da2e027721",
author = "I. Rubinstein and O.P. Strausz and C. Spyckerelle and R.J. Crawford and D.W.S. Westlake"
}

@INCOLLECTION{Palmer_1993_1,
   author = "Palmer, S. E.",
   title = "Effect of biodegradation and water washing on crude oil composition",
   editor = "Engel, M.H. and Macko, S.A.",
   booktitle = "Organic Geochemistry",
   number =  "",
   series = "",
   chapter = "",
   type = "",
   pages = "511 - 533",
   publisher = "PlenumPress",
   address = "New York",
   edition = "",
   month = "",
   year = "1993",
   note = "",
}

@INCOLLECTION{Borisov_1965_1,
   author = "Borisov, P.P. and Eventova, M.S and Semenido, Y.E.",
   title = "The influence of temperature and oxygen on the oxidation of oil in bulk and in thin films",
   editor = "Emanuel, N.M. ",
   booktitle = "The Oxidation of Hydrocarbons in Liquid Phase",
   pages = "382 - 389",
   publisher = "Pergamon Press, MacMillan Co",
   address = "New York",
   year = "1965",
}

@article{Rueter_1994_1,
title = "Biological activity in the deep subsurface and the origin of heavy oil",
journal = "Nature",
volume = "372",
number = "",
pages = "455 - 458",
year = "1994",
note = "",
issn = "",
doi = "10.1038/372455a0",
url = "http://dx.doi.org/10.1038/372455a0",
author = "Rueter, P. and Rabus, R. and Wilkest, H. and Aeckersberg, F. and Rainey, F.A., Jannasch, H.W. and Widdel, F."
}

@article {Heider_1998_1,
author = {Heider, J. and Spormann, A. M. and Beller, H. R. and Widdel, F.},
title = {Anaerobic bacterial metabolism of hydrocarbons},
journal = {FEMS Microbiology Reviews},
volume = {22},
number = {5},
publisher = {Blackwell Publishing Ltd},
issn = {1574-6976},
url = {http://dx.doi.org/10.1111/j.1574-6976.1998.tb00381.x},
doi = {10.1111/j.1574-6976.1998.tb00381.x},
pages = {459--473},
keywords = {Anaerobic bacterial catabolism, Hydrocarbon, Toluene, Ethylbenzene, Alkane},
year = {1998},
}

@Book{Butler_1991_1,
author = {Butler, R. M.},
title = {Thermal Recovery of oil and bitumen},
publisher = {Prentice-Hall},
year = {1991},
page = {2},
address = {USA}
}

@article {Taber_1997_1,
author = {Taber, J.J. and Martin, F.D. and Seright, R.S.},
title = {EOR Screening Criteria Revisited - Part 1: Introduction to Screening Criteria and Enhanced Recovery Field Projects},
journal = {SPE Reservoir Engineering},
volume = {12},
number = {3},
publisher = {SPE},
issn = {},
url = {},
doi = {10.2118/35385-PA},
pages = {189 - 198},
keywords = {},
year = {1997},
}

@article {Taber_1997_2,
author = {Taber, J.J. and Martin, F.D. and Seright, R.S.},
title = {EOR Screening Criteria Revisited Part 2: Applications and Impact of Oil Prices},
journal = {SPE Reservoir Engineering},
volume = {12},
number = {3},
publisher = {SPE},
issn = {},
url = {},
doi = {10.2118/39234-PA},
pages = {199 - 206},
keywords = {},
year = {1997},
}

@article {Koottungal_2010_1,
author = {Koottungal, L.},
title = {2010 worldwide EOR survey},
journal = {The Oil and Gas Journal},
volume = {108},
number = {14},
publisher = {},
issn = {},
url = {},
doi = {},
month = {April 19},
pages = {41 - 53},
keywords = {},
year = {2010},
}

@Book{Hunt_1995_1,
author = {Hunt, J. M.},
title = {Petroleum geochemistry and geology},
publisher = {W. and H.Freeman and Company},
year = {1995},
page = {},
edition = {Second},
address = {USA}
}

@TECHREPORT{ASTM_2005_1,
   author = "ASTM Standard D6560-00 (2005)",
   title = " Standard Test Method for Determination of Asphaltenes (Heptane Insolubles) in Crude Petroleum and Petroleum Products",
   institution = "DOI: 10.1520/D6560-00R05,www.astm.org",
   type = "ASTM International, West Conshohocken, PA",
   number = "",
   address = "",
   month = "",
   year = "2005",
   note = "",
}


@article {Sufi_1989_1,
author = {Sufi, A. H.},
title = {Injectivity Enhancement In Tar Sands A Physical Model Study},
journal = {Journal of Canadian Petroleum Technology},
volume = {28},
number = {1},
publisher = {},
issn = {},
url = {},
doi = {10.2118/89-01-06},
month = {Jan-Feb},
pages = {41 - 53},
keywords = {},
year = {1989},
}

@patent{Howard_1923_1,
 author = {Howard, F. A.},
 title = {Method of operating oil wells. US Patent no: 1473348},
 year = {1923},
 month = {November},
 day = {06},
 number = {US 402334},
 type = {Patent},
 version = {},
 location = {US},
 url = {},
 filing_num = {1473348},
 yearfiled = {1920},
 monthfiled = {August},
 dayfiled = {09},
 pat_refs = {},
 IPC_class = {},
 US_class = {},

}

@Book{Osgood_1930_1,
author = {Osgood, W. H.},
title = {Increasing the recovery of petroleum Vol.1},
publisher = {McGraw Hill Book},
year = {1930},
page = {249},
edition = {First},
address = {New York, USA}
}

@TECHREPORT{Sarathi_1999_1,
   author = "Sarathi, P. S.",
   title = " In-situ combustion handbook--principles and practices",
   institution = "United States Department of Energy, National Petroleum Technology Office",
   type = "Final Report: November 1988, DOE/PC/91008-0375",
   number = "",
   address = "",
   month = "January",
   year = "1999",
   note = "",
}

@article {Kristensen_2007_1,
   author = {Kristensen, Morten and Gerritsen, Margot and Thomsen, Per and Michelsen, Michael and Stenby, Erling},
   affiliation = {Technical University of Denmark Department of Chemical Engineering Building 229 2800 Kgs Lyngby Denmark},
   title = {Efficient integration of stiff kinetics with phase change detection for reactive reservoir processes},
   journal = {Transport in Porous Media},
   publisher = {Springer Netherlands},
   issn = {0169-3913},
   keyword = {Chemistry and Materials Science},
   pages = {383-409},
   volume = {69},
   issue = {3},
   url = {http://dx.doi.org/10.1007/s11242-006-9079-y},
   note = {10.1007/s11242-006-9079-y},
   year = {2007}
}

@article {Moore_1997_1,
   author = {Moore, R. G. and Belgrave, J. D. M. and Ursenbach, M. G. and Mehta, S. A.},
   affiliation = {Department of chemical and petroleum engineering, University of Calgary},
   title = {In-situ combustion in heavy oil reservoirs: problems and perspecives},
   journal = {In Situ},
   publisher = {Springer Netherlands},
   issn = {0169-3913},
   keyword = {Chemistry and Materials Science},
   pages = {1 - 26},
   volume = {21},
   issue = {1},
   url = {},
   note = {},
   year = {1997}
}

@Book{Servomex_2000_1,
author = {Servomex},
title = {Servomex Gas Analyzer 4200 Manual},
publisher = {},
year = {2000},
page = {},
edition = {},
address = {}
}

@article {Burger_1972_1,
   author = {Burger, J. G. and Sahuquet, B. C.},
   affiliation = {IFP},
   title = {Chamical aspects of in-situ combustion - Heat of combustion and kinetics},
   journal = {SPE Journal},
   publisher = {SPE},
   issn = {},
   keyword = {},
   pages = {410 - 422},
   volume = {253},
   issue = {},
   url = {},
   note = {},
   year = {1972}
}

@article{Moschopedis_1975_1,
title = "Oxidation of a bitumen",
journal = "Fuel",
volume = "54",
number = "3",
pages = "210 - 212",
year = "1975",
note = "",
issn = "0016-2361",
doi = "DOI: 10.1016/0016-2361(75)90014-9",
url = "http://www.sciencedirect.com/science/article/B6V3B-498M9T7-G/2/ee002eeb0e42366b728837873707892e",
author = "Speros E. Moschopedis and James G. Speight"
}

@article{Crookston_1979_1,
title = "A Numerical Simulation Model for Thermal Recovery Processes",
journal = "SPE Journal",
volume = "19",
number = "1",
pages = "37 - 58",
year = "1975",
note = "",
issn = "",
doi = "",
url = "",
author = "Crookston, R.B. and Culham, W.E. and Chen, W.H."
}

@article{Babu_1984_1,
title = "Effect of low-temperature oxidation on the composition of Athabasca bitumen",
journal = "Fuel",
volume = "63",
number = "6",
pages = "858 - 861",
year = "1984",
note = "",
issn = "0016-2361",
doi = "DOI: 10.1016/0016-2361(84)90080-2",
url = "http://www.sciencedirect.com/science/article/B6V3B-498TNJY-11B/2/8cd51edc0717ffe8d703f29ded5a16d3",
author = "Dasari Ram Babu and Donald E. Cormack",
keywords = "bitumen",
keywords = "low-temperature oxidation",
keywords = "composition"
}

@article{Vyazovkin_1997_1,
title = "Evaluation of Activation Energy of Thermally Simulated Solid-State Reactions under Arbitrary Variation of Temperature",
journal = "Journal of Computational Chemistr",
volume = "18",
number = "3",
pages = "393-402",
year = "1984",
author = "Vyazovkin, S, S"
}

@Book{Semenov_1935_1,
author = {Semenov N.},
title = {Chemical Kinetics and Chain Reactions},
publisher = {Oxford},
year = {1935},
page = {},
edition = {},
address = {}
}

@article {Flynn_1966_1,
author = {Flynn, Joseph H. and Wall, Leo A.},
title = {A quick, direct method for the determination of activation energy from thermogravimetric data},
journal = {Journal of Polymer Science Part B: Polymer Letters},
volume = {4},
number = {5},
publisher = {John Wiley & Sons, Inc.},
issn = {1542-6254},
url = {http://dx.doi.org/10.1002/pol.1966.110040504},
doi = {10.1002/pol.1966.110040504},
pages = {323--328},
year = {1966},
}

@ARTICLE{Segal_1982_1,
author={Segal, E.},
title={Fraction-time and fraction-temperature in nonisothermal kinetics},
journal={Thermochimica Acta},
year={1982},
volume={53},
number={3},
pages={365-367},
note={cited By (since 1996) 1},
url={http://www.scopus.com/inward/record.url?eid=2-s2.0-31644435947&partnerID=40&md5=bd957cc706d1e4c08d056b18245bec9d},
document_type={Article},
source={Scopus},
}

@ARTICLE{Kissinger_1957_1,
author={Kissinger, H. E.},
title={Reaction Kinetics in Differential Thermal Analysis},
journal={Anal. Chem.},
year={1957},
volume={29},
number={11},
pages={1702-1706},
document_type={Article},
}

@TECHREPORT{Akahira_1971_1,
   author = "Akahira, T. and Sunose, T.",
   title = "",
   institution = "iba Institute of Technology Sci. Technol",
   type = "Research Report",
   volume="16",
   number = "22",
   address = "",
   month = "January",
   year = "1971",
}

@ARTICLE{Ozawa_1965_1,
author={Ozawa, T.},
title={A New Method of Analyzing Thermogravimetric Data},
journal={Bull. Chem. Soc. Japan},
year={1965},
volume={38},
number={11},
pages={1881-1886},
document_type={Article},
}

@article {Senum_1977_1,
   author = {Senum, G. I. and Yang, R. T.},
   affiliation = {Department of Applied Science Brookhaven National Laboratory Upton 11973 New York USA},
   title = {Rational approximations of the integral of the Arrhenius function},
   journal = {Journal of Thermal Analysis and Calorimetry},
   publisher = {Akadeemiai Kiado, co-published with Springer Science+Business Media B.V., Formerly Kluwer Academic Publishers B.V.},
   issn = {1388-6150},
   keyword = {Chemistry},
   pages = {445-447},
   volume = {11},
   issue = {3},
   url = {http://dx.doi.org/10.1007/BF01903696},
   note = {10.1007/BF01903696},
   year = {1977}
}

@book{Press_1992_1,
 author = {Press, William H. and Teukolsky, Saul A. and Vetterling, William T. and Flannery, Brian P.},
 title = {Numerical recipes in C (2nd ed.): the art of scientific computing},
 year = {1992},
 isbn = {0-521-43108-5},
 publisher = {Cambridge University Press},
 address = {New York, NY, USA},
}

@article {Moore_1999_1,
   author = {Moore, R.G. and Laureshen, C.J. and Ursenbach, M.G. and Mehta, S.A. and Belgrave, J.D.M.},
   title = {Combustion/Oxidation Behavior of Athabasca Oil Sands Bitumen},
   journal = {SPE Reservoir Eval. and Eng.},
   publisher = {Akademiai Kiado, co-published with Springer Science+Business Media B.V., Formerly Kluwer Academic Publishers B.V.},
   pages = {565-572},
   volume = {2},
   issue = {6},
   year = {1999}
}

@book{Pilling_1992_1,
 author = {Pilling, M.J.},
 title = {Low-Temperature Combustion and Autoignition},
 year = {1997},
 publisher = {Elsevier Science B. V.},
 address = {Amsterdam, The Netherlands},
}

@article {Bogdanov_1990_1,
   author = {Bogdanov, I. I. and Entov, V. M. and Stepanov, V. P.},
   title = {Thermal decomposition of carbonate rocks under in situ combustion},
   journal = {Journal of Engineering Physics and Thermophysics},
   publisher = {Springer New York},
   issn = {1062-0125},
   keyword = {Physics and Astronomy},
   pages = {644-650},
   volume = {58},
   issue = {5},
   url = {http://dx.doi.org/10.1007/BF00873185},
   note = {10.1007/BF00873185},
   year = {1990}
}

@article {Queralt_1997_1,
   author = {Queralt, I. and  Julia, R. and Plana, F. and Bischoff, L.},
   title = {A hydrous Ca-bearing magnesium carbonate from playa lake sediments, Salines Lake, Spain},
   journal = {American Mineraligist},
   publisher = {Springer New York},
   pages = {812-819},
   volume = {82},
   year = {1997}
}
@Article{Penberthy_1966_1,
  title = {Design and Operation of Laboratory Combustion Tubes},
  author = {Penberthy Jr., W.L.and Ramey Jr. H.J.},
  journal = {SPE Journal},
  volume = {2},
  number = {6},
  pages = {183 - 198},
  year = {1966},
  month = {June},
  doi = {10.2118/1290-PA},
  publisher = {SPE}
}

@Article{Shirley_1972_1,
  title = {High-Resolution X-Ray Photoemission Spectrum of the Valence Bands of Gold},
  author = {Shirley, D. A.},
  journal = {Phys. Rev. B},
  volume = {5},
  number = {12},
  pages = {4709-4714},
  numpages = {5},
  year = {1972},
  month = {Jun},
  doi = {10.1103/PhysRevB.5.4709},
  publisher = {American Physical Society}
}

@Article{Benham_1958_1,
  title = {The Thermal Recovery Process - An Analysis of Laboratory Combustion Data},
  author = {Benham, A.L. and Poettman, F. H.},
  journal = {Journal of Petroleum Technology},
  volume = {10},
  number = {9},
  pages = {83-85},
  year = {1958},
  month = {September},
  doi = {10.2118/1022-G},
  publisher = {SPE}
}

@Article{Farouq_1972_1,
  title = {A Current Appraisal of In-Situ Combustion Field Tests},
  author = {Farouq Ali, S.M.},
  journal = {Journal of Petroleum Technology},
  volume = {24},
  number = {4},
  pages = {477-486},
  year = {1972},
  month = {April},
  doi = {10.2118/3350-PA},
  publisher = {SPE}
}

@inproceedings{Marjerrison_1994_1,
author = {Marjerrison, D.M. and Fassihi, M.R.},
title = {Performance of Morgan Pressure Cycling In-Situ Combustion Project},
booktitle = {SPE/DOE Improved Oil Recovery Symposium},
doi = {10.2118/27793-MS},
year = "17-20 April 1994, Tulsa, Oklahoma"
}

@inproceedings{Panait-Patica_2006_1,
author = {Panait-Patica,A, and Serban, D. and Ilie, N.},
title = {Suplacu de Barcau Field-A Case History of a Successfull In-Situ Combustion Exploitation},
booktitle = {SPE Europec/EAGE Annual Conference and Exhibition},
doi = {10.2118/100346-MS},
year = "12-15 June 2006, Vienna, Austria"
}

@inproceedings{Curtis_1989_1,
author = {Curtis, J.H.},
title = {Performance Evaluation of the MOCO T In-Situ Combustion Project, Midway-Sunset Field},
booktitle = {SPE California Regional Meeting},
doi = {10.2118/18809-MS},
year = "5-7 April 1989, Bakersfield, California"
}

@Article{Yannimaras_1995_1,
  title = {Screening of Oils for In-Situ Combustion at Reservoir Conditions by Accelerating-Rate Calorimetry},
  author = {Yannimaras, D.V. and Tiffin, D.L.},
  journal = {SPE Reservoir Engineering},
  volume = {10},
  number = {1},
  pages = {36-39},
  year = {1995},
  month = {February},
  doi = {10.2118/27791-PA},
  publisher = {SPE}
}

@article{Dechaux_1971_1,
title = "Negative temperature coefficient in the oxidation of butane and other hydrocarbons",
journal = "Combustion and Flame",
volume = "17",
number = "2",
pages = "205 - 214",
year = "1971",
note = "",
issn = "0010-2180",
doi = "DOI: 10.1016/S0010-2180(71)80163-3",
url = "http://www.sciencedirect.com/science/article/pii/S0010218071801633",
author = "J.C. Dechaux and J.L. Flament and M. Lucquin"
}

@MastersThesis{Cristofari_2006_1,
   author = "Cristofari, J.",
   title = "Laboratory Investigation of the Effect of Solvent Injection on in-situ Combustion for Viscous Oils",
    school     =     {Rijksuniversiteit Groningen},
    address     =     {Stanford, CA},
    year     =     {2006},
    }

@Article{Dechelette_2006_1,
  title = {Air Injection-Improved Determination of the Reaction Scheme With Ramped Temperature Experiment and Numerical Simulation},
  author = {Dechelette, B. and Heugas, O. and Quenault, G. and Bothua},
  journal = {Journal of Canadian Petroleum Technology},
  volume = {45},
  number = {1},
  pages = {41-47},
  year = {2006},
  month = {January},
  doi = {10.2118/06-01-03},
  publisher = {Petroleum Society of Canada}
}

@Book{Krevelen_1993_1,
author = {van Krevelen, D.W. },
title = {Coal typology - physics - chemistry - constitution},
publisher = {Elsevier},
edition = {Third},
year = {1993},
pages = {631-632},
address = {Netherlands}
}

@book{Garbow_1990_1,
 author = {Garbow, B.S. and Hillstrom, K.E. and More, J.J.},
 title = {Subroutine LMDER},
 year = {March 1990},
 publisher = {Argonne National Laboratory},
 address = {MINPACK Project},
}

@ONLINE{Fastenal,
  author = {Fastenal},
  title = {http://www.fastenal.com/content/documents/FastenalTechnicalRefe-renceGuide.pdf},
  month = June ,
  year = {2011},
  url = {http://www.fastenal.com/content/documents/FastenalTechnicalRefe-renceGuide.pdf}
}

@Article{Krupka_1985_1,
  title = {High-temperature heat capacities and derived thermodynamic properties of anthophyllite, diopside, dolomite, enstatite, bronzite, talc, tremolite, and wollastonite.},
  author = {Krupka K.M. and Hemingway B.S. and Robie R.A. and Kerrick D.M. },
  journal = {Am Mineral},
  volume = {70},
  number = {},
  pages = {262-271},
  year = {1985},
  month = {},
  doi = {},
  publisher = {}
}

@article{Dietz_1979_1,
author = {Dietz, Peter W.},
title = {Effective Thermal Conductivity of Packed Beds},
journal = {Industrial and Engineering Chemistry Fundamentals},
volume = {18},
number = {3},
pages = {283-286},
year = {1979},
doi = {10.1021/i160071a015},
URL = {http://pubs.acs.org/doi/abs/10.1021/i160071a015},
eprint = {http://pubs.acs.org/doi/pdf/10.1021/i160071a015}
}

@article{Horai_1971_1,
author = {Horai, K.},
title = {Thermal Conductivity of Rock-Forming Minerals},
journal = {J. Geophys. Res.},
volume = {76},
number = {5},
pages = {1278�1308},
year = {1971},
doi = {10.1029/JB076i005p01278},
}

@Misc{Kim_2010_1,
  author = {Elliot (Tae Wook) Kim},
  howpublished      = 	 {personal communication},
  year = 2010
}

@Misc{Lapene_2011_1,
  author = {Alexander Lapene},
  howpublished      = 	 {personal communication},
  year = 2011
}
@TECHREPORT{Omega_FMA_2008_1,
   author = "Omega Engineering",
   title = "User's guide FMA 1600-A mass flow meter ",
   institution = "Omega Engineering",
   type = " User's guide",
   number = "",
   address = "Stamford, CT, USA",
   month = "",
   year = "2008",
}

@article{Wilke_1950_1,
author = {Wilke, C. R.},
title = {A Viscosity Equation for Gas Mixtures},
journal = {Journal of Chemical Physics},
volume = {18},
number = {},
pages = {517-519},
year = {1950},
doi = {10.1063/1.1747673},
}


@article{Peng_1976_1,
author = {Peng, Ding-Yu and Robinson, Donald B.},
title = {A New Two-Constant Equation of State},
journal = {Industrial and Engineering Chemistry Fundamentals},
volume = {15},
number = {1},
pages = {59-64},
year = {1976},
doi = {10.1021/i160057a011},
URL = {http://pubs.acs.org/doi/abs/10.1021/i160057a011},
eprint = {http://pubs.acs.org/doi/pdf/10.1021/i160057a011}
}

@inproceedings{Baker_1988_1,
author = {Baker, L.E.},
title = {Three-Phase Relative Permeability Correlations},
booktitle = {SPE Enhanced Oil Recovery Symposium},
doi = {10.2118/17369-MS},
year = "16-21 April 1988, Tulsa, Oklahoma"
}

@TECHREPORT{Bazargan_2010_1,
   author = "Bazargan, M.",
   title = "SUPRI-A Annual Report",
   number = "",
   address = "Stanford, CA, USA",
   month = "April",
   year = "2010",
}

@book{Bourdet_2002_1,
title={Well test analysis: the use of advanced interpretation models},
author={Bourdet, D.},
isbn={9780444509680},
lccn={2002026548},
issn={1567-8032},
series={Handbook of petroleum exploration and production},
url={http://books.google.com.tr/books?id=Zof38\_TN3HsC},
year={2002},
publisher={Elsevier}
}

@article {Al-Hussainy_1966_1,
author = {Al-Hussainy, R. and Ramey Jr., H.J. and Crawford, P.B.},
title = {The Flow of Real Gases Through Porous Media},
journal = {SPE Journal},
volume = {18},
number = {5},
publisher = {SPE},
issn = {},
url = {},
doi = {10.2118/1243-A-PA},
pages = {624 - 636},
keywords = {},
year = {1966},
}

@article {Kale_1980_1,
author = {Kale, D. and Mattar, L.},
title = {Solution of a Non-linear Gas Flow Equation By the Perturbation Technique},
journal = {Journal of Canadian Petroleum Technology},
volume = {19},
number = {4},
publisher = {Petroleum Society of Canada},
issn = {},
url = {},
doi = {10.2118/80-04-06},
pages = {},
keywords = {},
year = {1980},
}

@article {Peres_1990_1,
author = {Peres, Alvaro M.M. and Serra, Kelson V. and Reynolds, Albert C.},
title = {Toward a Unified Theory of Well Testing for Nonlinear-Radial-Flow Problems With Application to Interference Tests},
journal = {SPE Formation Evaluation},
volume = {5},
number = {2},
publisher = {Society of Petroleum Engineers},
issn = {},
url = {},
doi = {10.2118/18113-PA},
pages = {151-160},
keywords = {},
year = {1990},
}

@article {Theis_1935_1,
author = {Theis, C.},
title = {The relation between the lowering of the piezometric surface and the rate and duration of discharge of a well using ground water storage},
journal = {Trans AGU},
volume = {},
number = {},
publisher = {Society of Petroleum Engineers},
issn = {},
url = {},
doi = {},
pages = {519-524},
keywords = {},
year = {1935},
}

@book{Abramowitz_1965_1,
title={Handbook of Mathematical Functions with Formulas},
author={Abramowitz, M. and Stegun, IA.},
year={1972},
publisher={US Government printing office}
}
